@book{etingof2011, place={Providence, RI}, title={Introduction to Representation Theory}, publisher={American Mathematical Society}, author={Etingof, Pavel and Golberg, Oleg and Hensel, Sebastian and Liu, Tiankai and Schwendner, Alex and Vaintrob, Dmitry and Yudovina, Elena}, year={2011}} 

@misc{brianbi,
title = "My solutions to \textit{Introduction to representation theory} by {Etingof} \textit{et al.}",
author = "Brian Bi",
howpublished = "\url{https://brianbi.ca/etingof}"
}

@MISC {1133054,
    TITLE = {Is the $k$-algebra $k[G]$ semisimple?},
    AUTHOR = {Qiaochu Yuan (https://math.stackexchange.com/users/232/qiaochu-yuan)},
    HOWPUBLISHED = {Mathematics Stack Exchange},
    NOTE = {URL:https://math.stackexchange.com/q/1133054 (version: 2015-02-04)},
    EPRINT = {https://math.stackexchange.com/q/1133054},
    URL = {https://math.stackexchange.com/q/1133054}
}

@misc{napkin,
title = {An Infinitely Large Napkin},
author = {Evan Chen},
howpublished = {\url{https://venhance.github.io/napkin/Napkin.pdf}},
year = 2019
}

@MISC {147085,
    TITLE = {Slick proof the determinant is an irreducible polynomial},
    AUTHOR = {wxu (https://math.stackexchange.com/users/4396/wxu)},
    HOWPUBLISHED = {Mathematics Stack Exchange},
    NOTE = {URL:https://math.stackexchange.com/q/147085 (version: 2020-12-20)},
    EPRINT = {https://math.stackexchange.com/q/147085},
    URL = {https://math.stackexchange.com/q/147085}
}

@misc{exact_sequence,
    TITLE = {Exact sequence},
    HOWPUBLISHED = {\url{https://en.wikipedia.org/wiki/Exact_sequence}}
}

@misc{dynkin_diagram,
    TITLE = {Dynkin diagram},
    HOWPUBLISHED = {\url{https://en.wikipedia.org/wiki/Dynkin_diagram}}
}

@misc{root_system,
    TITLE = {Root system},
    HOWPUBLISHED = {\url{https://en.wikipedia.org/wiki/Root_system}}
}

@article{origin,
    AUTHOR = {Keith Conrad},
    TITLE = {The origin of representation theory},
    JOURNAL = {Enseign. Math.},
    YEAR = 1998,
    VOLUME = 44,
    PAGES = {361--392}
}

@misc{weyl_group,
    TITLE = {Weyl group},
    HOWPUBLISHED = {\url{https://en.wikipedia.org/wiki/Weyl_group}}
}

@misc{dual_rep,
    TITLE = {Dual representation},
    HOWPUBLISHED = {\url{https://en.wikipedia.org/wiki/Dual_representation}}
}